<?xml version="1.0" encoding="UTF-8"?><collection xmlns="http://www.loc.gov/MARC21/slim"><record><leader>00399nam--2200145-i-4500</leader><controlfield tag="001">000011696</controlfield><controlfield tag="002">20161230</controlfield><controlfield tag="005">20161230201029</controlfield><controlfield tag="008">060222s1000------------r-----000-0-eng-d</controlfield><datafield ind1=" " ind2=" " tag="020"><subfield code="a">PURE AND APPLIED PHYSICS. A MONOGRAPHS AND TEX TBOOK</subfield></datafield><datafield ind1=" " ind2=" " tag="100"><subfield code="a">Eilenberg, Samuel</subfield></datafield><datafield ind1=" " ind2=" " tag="245"><subfield code="a">Blumenthal, r.m</subfield></datafield><datafield ind1=" " ind2=" " tag="260"><subfield code="a">Getoor, R.K</subfield></datafield><datafield ind1=" " ind2=" " tag="490"><subfield code="a">Nmew York, Academic Press, 1968. X + 313 P</subfield></datafield><datafield ind1=" " ind2=" " tag="700"><subfield code="a">Smith, Paul</subfield></datafield></record></collection>